<record><leader>00000cas a22000007a 4500</leader><controlfield tag="001">13956511</controlfield><controlfield tag="008">860726d19741982aluwr ne      0    0eng d</controlfield><datafield ind1=" " ind2=" " tag="010"><subfield code="a">sn 86050293 </subfield></datafield><datafield ind1=" " ind2=" " tag="040"><subfield code="a">AAR</subfield><subfield code="b">eng</subfield><subfield code="c">AAR</subfield><subfield code="d">CPN</subfield><subfield code="d">OCLCQ</subfield></datafield><datafield ind1=" " ind2=" " tag="042"><subfield code="a">msc</subfield></datafield><datafield ind1="0" ind2="4" tag="245"><subfield code="a">The Coosa press.</subfield></datafield><datafield ind1=" " ind2=" " tag="260"><subfield code="a">Goodwater, Ala. :</subfield><subfield code="b">Thurman Langley &amp; Sally Sears,</subfield><subfield code="c">1974-1982.</subfield></datafield><datafield ind1=" " ind2=" " tag="300"><subfield code="a">v. :</subfield><subfield code="b">ill. ;</subfield><subfield code="c">44 cm.</subfield></datafield><datafield ind1=" " ind2=" " tag="310"><subfield code="a">Weekly</subfield></datafield><datafield ind1="0" ind2=" " tag="362"><subfield code="a">Vol. 1, no. 1 (Oct. 10, 1974)-v. 8, no. 28 (May 20, 1982).</subfield></datafield><datafield ind1=" " ind2=" " tag="500"><subfield code="a">Editor: Thurman Langley.</subfield></datafield><datafield ind1=" " ind2=" " tag="752"><subfield code="a">United States</subfield><subfield code="b">Alabama</subfield><subfield code="c">Coosa</subfield><subfield code="d">Goodwater.</subfield></datafield><datafield ind1="0" ind2="4" tag="785"><subfield code="t">Sylacauga daily advance</subfield><subfield code="w">(DLC)sn 88050233</subfield></datafield><datafield ind1="1" ind2=" " tag="029"><subfield code="a">AU@</subfield><subfield code="b">000025840217</subfield></datafield></record>